@article{Ren2017,
  doi = {10.1093/gji/ggx256},
  url = {https://doi.org/10.1093/gji/ggx256},
  year = {2017},
  month = jun,
  publisher = {Oxford University Press ({OUP})},
  volume = {212},
  number = {1},
  pages = {76--87},
  author = {Zhengyong Ren and Lewen Qiu and Jingtian Tang and Xiaoping Wu and Xiao Xiao and Zilong Zhou},
  title = {3-D direct current resistivity anisotropic modelling by goal-oriented adaptive finite element methods},
  journal = {Geophysical Journal International}
}
@article{Kershaw1981,
  title = {Differencing of the diffusion equation in Lagrangian hydrodynamic codes},
  volume = {39},
  ISSN = {0021-9991},
  url = {http://dx.doi.org/10.1016/0021-9991(81)90158-3},
  DOI = {10.1016/0021-9991(81)90158-3},
  number = {2},
  journal = {Journal of Computational Physics},
  publisher = {Elsevier BV},
  author = {Kershaw,  David S},
  year = {1981},
  month = feb,
  pages = {375–395}
}
@article{Bergamo2014,
  doi = {10.1093/gji/ggt521},
  url = {https://doi.org/10.1093/gji/ggt521},
  year = {2014},
  month = jan,
  publisher = {Oxford University Press ({OUP})},
  volume = {197},
  number = {1},
  pages = {233--247},
  author = {Paolo Bergamo and Ludovic Bodet and Laura Valentina Socco and R{\'{e}}gis Mourgues and Vincent Tournat},
  title = {Physical modelling of a surface-wave survey over a laterally varying granular medium with property contrasts and velocity gradients},
  journal = {Geophysical Journal International}
}
@article{Schwarzbach2005,
  doi = {10.1111/j.1365-246x.2005.02702.x},
  url = {https://doi.org/10.1111/j.1365-246x.2005.02702.x},
  year = {2005},
  month = sep,
  publisher = {Oxford University Press ({OUP})},
  volume = {162},
  number = {3},
  pages = {685--695},
  author = {Christoph Schwarzbach and Ralph-Uwe B\"{o}rner and Klaus Spitzer},
  title = {Two-dimensional inversion of direct current resistivity data using a parallel,  multi-objective genetic algorithm},
  journal = {Geophysical Journal International}
}
@article{Feng2021,
  doi = {10.35833/mpce.2019.000047},
  url = {https://doi.org/10.35833/mpce.2019.000047},
  year = {2021},
  publisher = {Journal of Modern Power Systems and Clean Energy},
  volume = {9},
  number = {2},
  pages = {253--263},
  author = {Wei Feng and Chen Yuan and Qingxin Shi and Renchang Dai and Guangyi Liu and Zhiwei Wang and Fangxing Li},
  title = {Graph Computing Based Distributed Parallel Power Flow for {AC}/{DC} Systems with Improved Initial Estimate},
  journal = {Journal of Modern Power Systems and Clean Energy}
}
@article{Puzyrev2019,
  doi = {10.1093/gji/ggz204},
  url = {https://doi.org/10.1093/gji/ggz204},
  year = {2019},
  month = may,
  publisher = {Oxford University Press ({OUP})},
  volume = {218},
  number = {2},
  pages = {817--832},
  author = {Vladimir Puzyrev},
  title = {Deep learning electromagnetic inversion with convolutional neural networks},
  journal = {Geophysical Journal International}
}
@article{Um2012,
  doi = {10.1111/j.1365-246x.2012.05540.x},
  url = {https://doi.org/10.1111/j.1365-246x.2012.05540.x},
  year = {2012},
  month = jun,
  publisher = {Oxford University Press ({OUP})},
  volume = {190},
  number = {2},
  pages = {871--886},
  author = {Evan Schankee Um and Jerry M. Harris and David L. Alumbaugh},
  title = {An iterative finite element time-domain method for simulating three-dimensional electromagnetic diffusion in earth},
  journal = {Geophysical Journal International}
}
@article{Vamaraju2020,
  doi = {10.1093/gji/ggaa037},
  url = {https://doi.org/10.1093/gji/ggaa037},
  year = {2020},
  month = jan,
  publisher = {Oxford University Press ({OUP})},
  volume = {221},
  number = {2},
  pages = {857--878},
  author = {Janaki Vamaraju and Mrinal K Sen and Jonas De~Basabe and Mary Wheeler},
  title = {A hybrid Galerkin finite element method for seismic wave propagation in fractured media},
  journal = {Geophysical Journal International}
}
@article{Gassmller2019,
  doi = {10.1093/gji/ggz405},
  url = {https://doi.org/10.1093/gji/ggz405},
  year = {2019},
  month = sep,
  publisher = {Oxford University Press ({OUP})},
  volume = {219},
  number = {3},
  pages = {1915--1938},
  author = {Rene Gassm\"{o}ller and Harsha Lokavarapu and Wolfgang Bangerth and Elbridge Gerry Puckett},
  title = {Evaluating the accuracy of hybrid finite element/particle-in-cell methods for modelling incompressible Stokes flow},
  journal = {Geophysical Journal International}
}
@article{Ren2013,
  doi = {10.1093/gji/ggt154},
  url = {https://doi.org/10.1093/gji/ggt154},
  year = {2013},
  month = may,
  publisher = {Oxford University Press ({OUP})},
  volume = {194},
  number = {2},
  pages = {700--718},
  author = {Zhengyong Ren and Thomas Kalscheuer and Stewart Greenhalgh and Hansruedi Maurer},
  title = {A goal-oriented adaptive finite-element approach for plane wave 3-D electromagnetic modelling},
  journal = {Geophysical Journal International}
}
@article{Codd2017,
  doi = {10.1093/gji/ggx511},
  url = {https://doi.org/10.1093/gji/ggx511},
  year = {2017},
  month = dec,
  publisher = {Oxford University Press ({OUP})},
  volume = {212},
  number = {3},
  pages = {2073--2087},
  author = {A L Codd and L Gross},
  title = {Electrical Resistivity Tomography using a finite element based {BFGS} algorithm with algebraic multigrid preconditioning},
  journal = {Geophysical Journal International}
}
@article{Koldan2014,
  doi = {10.1093/gji/ggu086},
  url = {https://doi.org/10.1093/gji/ggu086},
  year = {2014},
  month = apr,
  publisher = {Oxford University Press ({OUP})},
  volume = {197},
  number = {3},
  pages = {1442--1458},
  author = {J. Koldan and V. Puzyrev and J. de la Puente and G. Houzeaux and J. M. Cela},
  title = {Algebraic multigrid preconditioning within parallel finite-element solvers for 3-D electromagnetic modelling problems in geophysics},
  journal = {Geophysical Journal International}
}
@article{Pan2022,
  doi = {10.1016/j.jcp.2021.110775},
  url = {https://doi.org/10.1016/j.jcp.2021.110775},
  year = {2022},
  month = jan,
  publisher = {Elsevier {BV}},
  volume = {449},
  pages = {110775},
  author = {Y. Pan and P.-O. Persson},
  title = {Agglomeration-based geometric multigrid solvers for compact discontinuous Galerkin discretizations on unstructured meshes},
  journal = {Journal of Computational Physics}
}
@article{Teunissen2023,
  doi = {10.1016/j.cpc.2023.108665},
  url = {https://doi.org/10.1016/j.cpc.2023.108665},
  year = {2023},
  month = may,
  publisher = {Elsevier {BV}},
  volume = {286},
  pages = {108665},
  author = {Jannis Teunissen and Francesca Schiavello},
  title = {Geometric multigrid method for solving Poisson{\textquotesingle}s equation on octree grids with irregular boundaries},
  journal = {Computer Physics Communications}
}
@article{Hoagland2021,
  doi = {10.1016/j.jcp.2021.110382},
  url = {https://doi.org/10.1016/j.jcp.2021.110382},
  year = {2021},
  month = aug,
  publisher = {Elsevier {BV}},
  volume = {439},
  pages = {110382},
  author = {Dylan S. Hoagland and Yousry Y. Azmy},
  title = {Hybrid approaches for accelerated convergence of block-Jacobi iterative methods for solution of the neutron transport equation},
  journal = {Journal of Computational Physics}
}
@article{Anzt2017,
  doi = {10.1016/j.procs.2017.05.186},
  url = {https://doi.org/10.1016/j.procs.2017.05.186},
  year = {2017},
  publisher = {Elsevier {BV}},
  volume = {108},
  pages = {1783--1792},
  author = {Hartwig Anzt and Jack Dongarra and Goran Flegar and Enrique S. Quintana-Ort{\'{\i}} and Andr{\'{e}}s E. Tom{\'{a}}s},
  title = {Variable-Size Batched Gauss-Huard for Block-Jacobi Preconditioning},
  journal = {Procedia Computer Science}
}
@article{Patel2022,
  doi = {10.1016/j.jcmg.2021.12.004},
  url = {https://doi.org/10.1016/j.jcmg.2021.12.004},
  year = {2022},
  month = jun,
  publisher = {Elsevier {BV}},
  volume = {15},
  number = {6},
  pages = {1158--1159},
  author = {Femina S. Patel and Timothy M. Bateman and John A. Spertus and A. Iain McGhie and Staci A. Courter and James A. Case and Gary V. Heller and Krishna K. Patel},
  title = {Reclassification of Severe Ischemia on {PET} Versus {SPECT} {MPI} Using a Same-Patient Simultaneous Imaging Protocol},
  journal = {{JACC}: Cardiovascular Imaging}
}
@article{Izaguirre2005,
  doi = {10.1016/j.jpdc.2005.03.006},
  url = {https://doi.org/10.1016/j.jpdc.2005.03.006},
  year = {2005},
  month = aug,
  publisher = {Elsevier {BV}},
  volume = {65},
  number = {8},
  pages = {949--962},
  author = {Jes{\'{u}}s A. Izaguirre and Scott S. Hampton and Thierry Matthey},
  title = {Parallel multigrid summation for the -body problem},
  journal = {Journal of Parallel and Distributed Computing}
}
@article{Ogunbo2018,
  doi = {10.1016/j.heliyon.2018.e00998},
  url = {https://doi.org/10.1016/j.heliyon.2018.e00998},
  year = {2018},
  month = dec,
  publisher = {Elsevier {BV}},
  volume = {4},
  number = {12},
  pages = {e00998},
  author = {Jide Nosakare Ogunbo and Emmanuel Abiodun Mamukuyomi and Wahab Stephens Adepoju and Harrison Adebowale and Olamide Akinro and Chukwuebuka Richard Ukaegbu},
  title = {Panoramic azimuthal Schlumberger Vertical Electrical Sounding for fracture orientation and anisotropy quantification},
  journal = {Heliyon}
}
@article{Mu2019,
  doi = {10.1016/j.cam.2018.09.007},
  url = {https://doi.org/10.1016/j.cam.2018.09.007},
  year = {2019},
  month = dec,
  publisher = {Elsevier {BV}},
  volume = {362},
  pages = {423--442},
  author = {Lin Mu},
  title = {A priori and a posterior error estimate of new weak Galerkin finite element methods for second order elliptic interface problems on polygonal meshes},
  journal = {Journal of Computational and Applied Mathematics}
}
@article{Oden2001,
  doi = {10.1016/s0898-1221(00)00317-5},
  url = {https://doi.org/10.1016/s0898-1221(00)00317-5},
  year = {2001},
  month = mar,
  publisher = {Elsevier {BV}},
  volume = {41},
  number = {5-6},
  pages = {735--756},
  author = {J.T. Oden and S. Prudhomme},
  title = {Goal-oriented error estimation and adaptivity for the finite element method},
  journal = {Computers \& Mathematics with Applications}
}
@article{Kovaevi2022,
  doi = {10.1016/j.cnsns.2022.106706},
  url = {https://doi.org/10.1016/j.cnsns.2022.106706},
  year = {2022},
  month = nov,
  publisher = {Elsevier {BV}},
  volume = {114},
  pages = {106706},
  author = {Jeremija Kova{\v{c}}evi{\'{c}} and Stevan M. Cveti{\'{c}}anin and Du{\v{s}}an Zorica},
  title = {Electromagnetic field in a conducting medium modeled by the fractional Ohm's law},
  journal = {Communications in Nonlinear Science and Numerical Simulation}
}
@article{OConnor2022,
  doi = {10.1016/j.cpc.2022.108345},
  url = {https://doi.org/10.1016/j.cpc.2022.108345},
  year = {2022},
  month = jul,
  publisher = {Elsevier {BV}},
  volume = {276},
  pages = {108345},
  author = {Scott O{\textquotesingle}Connor and Zane D. Crawford and O.H. Ramachandran and John Luginsland and B. Shanker},
  title = {Quasi-Helmholtz decomposition,  Gauss{\textquotesingle} laws and charge conservation for finite element particle-in-cell},
  journal = {Computer Physics Communications}
}

@book{Brenner2008,
  doi = {10.1007/978-0-387-75934-0},
  url = {https://doi.org/10.1007/978-0-387-75934-0},
  year = {2008},
  publisher = {Springer New York},
  author = {Susanne C. Brenner and L. Ridgway Scott},
  title = {The Mathematical Theory of Finite Element Methods}
}
@article{Zdunek2005,
  doi = {10.1016/j.cma.2004.05.026},
  url = {https://doi.org/10.1016/j.cma.2004.05.026},
  year = {2005},
  month = feb,
  publisher = {Elsevier {BV}},
  volume = {194},
  number = {2-5},
  pages = {657--674},
  author = {A. Zdunek and W. Rachowicz},
  title = {A goal-oriented hp-adaptive finite element approach to radar scattering problems},
  journal = {Computer Methods in Applied Mechanics and Engineering}
}
@article{Lotfi2020,
  doi = {10.1016/j.cam.2019.112708},
  url = {https://doi.org/10.1016/j.cam.2019.112708},
  year = {2020},
  month = jun,
  publisher = {Elsevier {BV}},
  volume = {371},
  pages = {112708},
  author = {Mina Lotfi and S.Mohammad Hosseini},
  title = {An efficient Dai{\textendash}Liao type conjugate gradient method by reformulating the {CG} parameter in the search direction equation},
  journal = {Journal of Computational and Applied Mathematics}
}
@article{Yousif2022,
  doi = {10.1016/j.jksus.2022.102281},
  url = {https://doi.org/10.1016/j.jksus.2022.102281},
  year = {2022},
  month = nov,
  publisher = {Elsevier {BV}},
  volume = {34},
  number = {8},
  pages = {102281},
  author = {Osman O.O. Yousif and Mogtaba A.Y. Mohammed and Mohammed A. Saleh and Murtada K. Elbashir},
  title = {A criterion for the global convergence of conjugate gradient methods under strong Wolfe line search},
  journal = {Journal of King Saud University - Science}
}

@article{SungLim2000,
  doi = {10.1016/s0165-1684(99)00141-3},
  url = {https://doi.org/10.1016/s0165-1684(99)00141-3},
  year = {2000},
  month = mar,
  publisher = {Elsevier {BV}},
  volume = {80},
  number = {3},
  pages = {425--439},
  author = {Jae Sung Lim and Young Jong Cho},
  title = {Circulant-preconditioned block adaptive filtering algorithms based on the nested iteration technique},
  journal = {Signal Processing}
}
@article{Chen2019,
  doi = {10.1016/j.aml.2019.05.039},
  url = {https://doi.org/10.1016/j.aml.2019.05.039},
  year = {2019},
  month = dec,
  publisher = {Elsevier {BV}},
  volume = {98},
  pages = {49--56},
  author = {Minghua Chen and Wenya Qi and Yantao Wang},
  title = {Uniform convergence of V-cycle multigrid finite element method for one-dimensional time-dependent fractional problem},
  journal = {Applied Mathematics Letters}
}
@article{Ha2021,
  doi = {10.1016/j.camwa.2021.05.009},
  url = {https://doi.org/10.1016/j.camwa.2021.05.009},
  year = {2021},
  month = aug,
  publisher = {Elsevier {BV}},
  volume = {96},
  pages = {31--43},
  author = {Sang Truong Ha and Hyoung Gwon Choi},
  title = {A meshless geometric multigrid method based on a node-coarsening algorithm for the linear finite element discretization},
  journal = {Computers {\&} Mathematics with Applications}
}
@article{BeirodaVeiga2013,
  doi = {10.1016/j.jmaa.2012.08.058},
  url = {https://doi.org/10.1016/j.jmaa.2012.08.058},
  year = {2013},
  month = feb,
  publisher = {Elsevier {BV}},
  volume = {398},
  number = {2},
  pages = {527--533},
  author = {H. Beir{\~{a}}o da Veiga},
  title = {On the global regularity for singular p-systems under non-homogeneous Dirichlet boundary conditions},
  journal = {Journal of Mathematical Analysis and Applications}
}
@article{Bastian2006,
  doi = {10.1109/mcse.2006.116},
  url = {https://doi.org/10.1109/mcse.2006.116},
  year = {2006},
  month = nov,
  publisher = {Institute of Electrical and Electronics Engineers ({IEEE})},
  volume = {8},
  number = {6},
  pages = {44--54},
  author = {P. Bastian and C. Wieners},
  title = {Multigrid Methods on Adaptively Refined Grids},
  journal = {Computing in Science {\&} Engineering}
}
@article{Clevenger2021,
  doi = {10.1002/nla.2375},
  url = {https://doi.org/10.1002/nla.2375},
  year = {2021},
  month = mar,
  publisher = {Wiley},
  volume = {28},
  number = {5},
  author = {Thomas C. Clevenger and Timo Heister},
  title = {Comparison between algebraic and matrix-free geometric multigrid for a Stokes problem on adaptive meshes with variable viscosity},
  journal = {Numerical Linear Algebra with Applications}
}
@article{Beka2010,
  doi = {10.1016/j.parco.2009.12.013},
  url = {https://doi.org/10.1016/j.parco.2009.12.013},
  year = {2010},
  month = jun,
  publisher = {Elsevier {BV}},
  volume = {36},
  number = {5-6},
  pages = {297--307},
  author = {Martin Be{\v{c}}ka and Gabriel Ok{\v{s}}a and Mari{\'{a}}n Vajter{\v{s}}ic and Laura Grigori},
  title = {On iterative {QR} pre-processing in the parallel block-Jacobi {SVD} algorithm},
  journal = {Parallel Computing}
}
@article{Beka2003,
  doi = {10.1016/s0167-8191(03)00096-6},
  url = {https://doi.org/10.1016/s0167-8191(03)00096-6},
  year = {2003},
  month = sep,
  publisher = {Elsevier {BV}},
  volume = {29},
  number = {9},
  pages = {1153--1174},
  author = {Martin Be{\v{c}}ka and Gabriel Ok{\v{s}}a},
  title = {On variable blocking factor in a parallel dynamic block{\textendash}{\textendash}Jacobi {SVD} algorithm},
  journal = {Parallel Computing}
}
@article{Buntinas2008,
  doi = {10.1016/j.future.2007.02.002},
  url = {https://doi.org/10.1016/j.future.2007.02.002},
  year = {2008},
  month = jan,
  publisher = {Elsevier {BV}},
  volume = {24},
  number = {1},
  pages = {73--84},
  author = {Darius Buntinas and Camille Coti and Thomas Herault and Pierre Lemarinier and Laurence Pilard and Ala Rezmerita and Eric Rodriguez and Franck Cappello},
  title = {Blocking vs. non-blocking coordinated checkpointing for large-scale fault tolerant {MPI} Protocols},
  journal = {Future Generation Computer Systems}
}
@article{Janssen2011,
  doi = {10.1137/090778523},
  url = {https://doi.org/10.1137/090778523},
  year = {2011},
  month = jan,
  publisher = {Society for Industrial {\&} Applied Mathematics ({SIAM})},
  volume = {33},
  number = {4},
  pages = {2095--2114},
  author = {B\"{a}rbel Janssen and Guido Kanschat},
  title = {Adaptive Multilevel Methods with Local Smoothing for {\textdollar}H{\^{}}1{\textdollar}- and {\textdollar}H{\^{}}$\lbrace${\textbackslash}mathrm$\lbrace$curl$\rbrace$$\rbrace${\textdollar}-Conforming High Order Finite Element Methods},
  journal = {{SIAM} Journal on Scientific Computing}
}
@article{Constable1984,
  doi = {10.1111/j.1365-246x.1984.tb02875.x},
  url = {https://doi.org/10.1111/j.1365-246x.1984.tb02875.x},
  year = {1984},
  month = dec,
  publisher = {Oxford University Press ({OUP})},
  volume = {79},
  number = {3},
  pages = {893--910},
  author = {S. C. Constable and M. W. McElhinny and P. L. McFadden},
  title = {Deep Schlumberger sounding and the crustal resistivity structure of central Australia},
  journal = {Geophysical Journal International}
}
@article{Gance2014,
  doi = {10.1093/gji/ggu453},
  url = {https://doi.org/10.1093/gji/ggu453},
  year = {2014},
  month = dec,
  publisher = {Oxford University Press ({OUP})},
  volume = {200},
  number = {2},
  pages = {1118--1135},
  author = {J. Gance and P. Sailhac and J.-P. Malet},
  title = {Corrections of surface fissure effect on apparent resistivity measurements},
  journal = {Geophysical Journal International}
}
@article{Spitzer1995,
  doi = {10.1111/j.1365-246x.1995.tb06897.x},
  url = {https://doi.org/10.1111/j.1365-246x.1995.tb06897.x},
  year = {1995},
  month = dec,
  publisher = {Oxford University Press ({OUP})},
  volume = {123},
  number = {3},
  pages = {903--914},
  author = {K. Spitzer},
  title = {A 3-D finite-difference algorithm for {DC} resistivity modelling using conjugate gradient methods},
  journal = {Geophysical Journal International}
}
@article{Wang2001,
  doi = {10.1190/1.1486779},
  url = {https://doi.org/10.1190/1.1486779},
  year = {2001},
  month = sep,
  publisher = {Society of Exploration Geophysicists},
  volume = {66},
  number = {5},
  pages = {1386--1398},
  author = {Tsili Wang and Sheng Fang},
  title = {3-D electromagnetic anisotropy modeling using finite differences},
  journal = {{GEOPHYSICS}}
}
@article{Hvodara1998,
  doi = {10.1016/s0926-9851(98)00007-x},
  url = {https://doi.org/10.1016/s0926-9851(98)00007-x},
  year = {1998},
  month = jun,
  publisher = {Elsevier {BV}},
  volume = {39},
  number = {2},
  pages = {95--107},
  author = {M. Hvo{\v{z}}dara and P. Kaikkonen},
  title = {An integral equations solution of the forward D.C. geoelectric problem for a 3-D body of inhomogeneous conductivity buried in a halfspace},
  journal = {Journal of Applied Geophysics}
}
@article{Mirgalikyzy2015,
  doi = {10.1155/2015/207021},
  url = {https://doi.org/10.1155/2015/207021},
  year = {2015},
  publisher = {Hindawi Limited},
  volume = {2015},
  pages = {1--10},
  author = {Tolkyn Mirgalikyzy and Balgaisha Mukanova and Igor Modin},
  title = {Method of Integral Equations for the Problem of Electrical Tomography in a Medium with Ground Surface Relief},
  journal = {Journal of Applied Mathematics}
}
@article{Bibby1978,
  doi = {10.1190/1.1440836},
  url = {https://doi.org/10.1190/1.1440836},
  year = {1978},
  month = apr,
  publisher = {Society of Exploration Geophysicists},
  volume = {43},
  number = {3},
  pages = {550--562},
  author = {H. M. Bibby},
  title = {{DIRECT} {CURRENT} {RESISTIVITY} {MODELING} {FOR} {AXIALLY} {SYMMETRIC} {BODIES} {USING} {THE} {FINITE} {ELEMENT} {METHOD}},
  journal = {{GEOPHYSICS}}
}
@article{Li2005,
  doi = {10.1016/j.pepi.2004.08.014},
  url = {https://doi.org/10.1016/j.pepi.2004.08.014},
  year = {2005},
  month = may,
  publisher = {Elsevier {BV}},
  volume = {150},
  number = {1-3},
  pages = {15--27},
  author = {Yuguo Li and Klaus Spitzer},
  title = {Finite element resistivity modelling for three-dimensional structures with arbitrary anisotropy},
  journal = {Physics of the Earth and Planetary Interiors}
}
@article{Cai2017,
  title = {Finite-element time-domain modeling of electromagnetic data in general dispersive medium using adaptive Padé series},
  volume = {109},
  ISSN = {0098-3004},
  url = {http://dx.doi.org/10.1016/j.cageo.2017.08.017},
  DOI = {10.1016/j.cageo.2017.08.017},
  journal = {Computers {\&} Geosciences},
  publisher = {Elsevier BV},
  author = {Cai,  Hongzhu and Hu,  Xiangyun and Xiong,  Bin and Zhdanov,  Michael S.},
  year = {2017},
  month = dec,
  pages = {194–205}
}
@article{Karaoulis2013,
  doi = {10.1016/j.cageo.2013.01.008},
  url = {https://doi.org/10.1016/j.cageo.2013.01.008},
  year = {2013},
  month = apr,
  publisher = {Elsevier {BV}},
  volume = {54},
  pages = {164--170},
  author = {M. Karaoulis and A. Revil and P. Tsourlos and D.D. Werkema and B.J. Minsley},
  title = {{IP}4DI: A software for time-lapse 2D/3D {DC}-resistivity and induced polarization tomography},
  journal = {Computers {\&} Geosciences}
}
@article{Johnson2017,
  doi = {10.1016/j.cageo.2016.09.006},
  url = {https://doi.org/10.1016/j.cageo.2016.09.006},
  year = {2017},
  month = feb,
  publisher = {Elsevier {BV}},
  volume = {99},
  pages = {72--80},
  author = {Timothy C. Johnson and Glenn E. Hammond and Xingyuan Chen},
  title = {{PFLOTRAN}-E4D: A parallel open source {PFLOTRAN} module for simulating time-lapse electrical resistivity data},
  journal = {Computers {\&} Geosciences},
}
@article{Okusanya2004,
  doi = {10.1016/j.cma.2004.01.025},
  url = {https://doi.org/10.1016/j.cma.2004.01.025},
  year = {2004},
  month = aug,
  publisher = {Elsevier {BV}},
  volume = {193},
  number = {33-35},
  pages = {3667--3686},
  author = {T Okusanya and D.L Darmofal and J Peraire},
  title = {Algebraic multigrid for stabilized finite element discretizations of the Navier{\textendash}Stokes equations},
  journal = {Computer Methods in Applied Mechanics and Engineering}
}
@article{Farris1998,
  doi = {10.1016/s0895-7177(98)00043-0},
  url = {https://doi.org/10.1016/s0895-7177(98)00043-0},
  year = {1998},
  month = apr,
  publisher = {Elsevier {BV}},
  volume = {27},
  number = {8},
  pages = {41--67},
  author = {C. Farris and M. Misra},
  title = {Distributed algebraic multigrid for finite element computations},
  journal = {Mathematical and Computer Modelling}
}
@article{Wang2023,
  doi = {10.1016/j.jcp.2023.112437},
  url = {https://doi.org/10.1016/j.jcp.2023.112437},
  year = {2023},
  month = nov,
  publisher = {Elsevier {BV}},
  volume = {493},
  pages = {112437},
  author = {Fan Wang and Xiang Gu and Jian Sun and Zongben Xu},
  title = {Learning-based local weighted least squares for algebraic multigrid method},
  journal = {Journal of Computational Physics}
}
@article{Munch2023,
  doi = {10.1145/3580314},
  url = {https://doi.org/10.1145/3580314},
  year = {2023},
  month = mar,
  publisher = {Association for Computing Machinery ({ACM})},
  volume = {10},
  number = {1},
  pages = {1--38},
  author = {Peter Munch and Timo Heister and Laura Prieto Saavedra and Martin Kronbichler},
  title = {Efficient Distributed Matrix-free Multigrid Methods on Locally Refined Meshes for {FEM} Computations},
  journal = {{ACM} Transactions on Parallel Computing}
}
@article{Huang2023,
  title = {A Geometric Multigrid Method for 3D Magnetotelluric Forward Modeling Using Finite-Element Method},
  volume = {15},
  ISSN = {2072-4292},
  url = {http://dx.doi.org/10.3390/rs15020537},
  DOI = {10.3390/rs15020537},
  number = {2},
  journal = {Remote Sensing},
  publisher = {MDPI AG},
  author = {Huang,  Xianyang and Yin,  Changchun and Wang,  Luyuan and Liu,  Yunhe and Zhang,  Bo and Ren,  Xiuyan and Su,  Yang and Li,  Jun and Chen,  Hui},
  year = {2023},
  month = jan,
  pages = {537}
}
@article{Kronbichler2022,
  doi = {10.1177/10943420221107880},
  url = {https://doi.org/10.1177/10943420221107880},
  year = {2022},
  month = jul,
  publisher = {{SAGE} Publications},
  volume = {37},
  number = {2},
  pages = {61--81},
  author = {Martin Kronbichler and Dmytro Sashko and Peter Munch},
  title = {Enhancing data locality of the conjugate gradient method for high-order matrix-free finite-element implementations},
  journal = {The International Journal of High Performance Computing Applications}
}
@incollection{Li2023,
  doi = {10.1007/978-981-99-2375-5_10},
  url = {https://doi.org/10.1007/978-981-99-2375-5_10},
  year = {2023},
  publisher = {Springer Nature Singapore},
  pages = {91--103},
  author = {Shujia Li},
  title = {Analysis of Nozzle Flow Based on Small Disturbance Equation Using Successive Over Relaxation Method},
  booktitle = {Lecture Notes in Mechanical Engineering}
}
@article{Haleem2023,
  doi = {10.1680/jencm.22.00017},
  url = {https://doi.org/10.1680/jencm.22.00017},
  year = {2023},
  month = mar,
  publisher = {Thomas Telford Ltd.},
  volume = {176},
  number = {1},
  pages = {1--12},
  author = {Baher A. Haleem and Ihab M. El Aghoury and Bahaa S. Tork and Hisham A. El-Arabaty},
  title = {A new,  fast method for solving finite-element equations iteratively based on Gauss{\textendash}Seidel},
  journal = {Proceedings of the Institution of Civil Engineers - Engineering and Computational Mechanics}
}
@article{HerreroPrez2023,
  doi = {10.1007/s00158-023-03675-w},
  url = {https://doi.org/10.1007/s00158-023-03675-w},
  year = {2023},
  month = oct,
  publisher = {Springer Science and Business Media {LLC}},
  volume = {66},
  number = {10},
  author = {David Herrero-P{\'{e}}rez and Sebasti{\'{a}}n Gin{\'{e}}s Pic{\'{o}}-Vicente},
  title = {A parallel geometric multigrid method for adaptive topology optimization},
  journal = {Structural and Multidisciplinary Optimization}
}
@article{Lu2014,
  doi = {10.1002/nla.1925},
  url = {https://doi.org/10.1002/nla.1925},
  year = {2014},
  month = feb,
  publisher = {Wiley},
  volume = {21},
  number = {2},
  pages = {221--238},
  author = {Cao Lu and Xiangmin Jiao and Nikolaos Missirlis},
  title = {A hybrid geometric{\hspace{0.167em}}{\hspace{0.167em}}algebraic multigrid method with semi-iterative smoothers},
  journal = {Numerical Linear Algebra with Applications}
}
@article{Huang2022,
  title = {A three-dimensional indirect boundary integral equation method for the scattering of seismic waves in a poroelastic layered half-space},
  volume = {135},
  ISSN = {0955-7997},
  url = {http://dx.doi.org/10.1016/j.enganabound.2021.11.012},
  DOI = {10.1016/j.enganabound.2021.11.012},
  journal = {Engineering Analysis with Boundary Elements},
  publisher = {Elsevier BV},
  author = {Huang,  Lei and Liu,  Zhongxian and Wu,  Chengqing and Liang,  Jianwen and Pei,  Qiang},
  year = {2022},
  month = feb,
  pages = {167–181}
}
@article{Chow2018,
  title = {Using Jacobi iterations and blocking for solving sparse triangular systems in incomplete factorization preconditioning},
  volume = {119},
  ISSN = {0743-7315},
  url = {http://dx.doi.org/10.1016/j.jpdc.2018.04.017},
  DOI = {10.1016/j.jpdc.2018.04.017},
  journal = {Journal of Parallel and Distributed Computing},
  publisher = {Elsevier BV},
  author = {Chow,  Edmond and Anzt,  Hartwig and Scott,  Jennifer and Dongarra,  Jack},
  year = {2018},
  month = sep,
  pages = {219–230}
}
@article{Elsner1991,
  title = {The effect of the number of processors on the convergence of the parallel block Jacobi method},
  volume = {154–156},
  ISSN = {0024-3795},
  url = {http://dx.doi.org/10.1016/0024-3795(91)90382-7},
  DOI = {10.1016/0024-3795(91)90382-7},
  journal = {Linear Algebra and its Applications},
  publisher = {Elsevier BV},
  author = {Elsner,  L. and Neumann,  M. and Vemmer,  B.},
  year = {1991},
  month = aug,
  pages = {311–330}
}
@article{He2023,
  title = {Microwave Imaging of 3-D Dielectric–Magnetic Penetrable Objects Based on Integral Equation Method},
  volume = {71},
  ISSN = {1558-2221},
  url = {http://dx.doi.org/10.1109/TAP.2023.3262299},
  DOI = {10.1109/tap.2023.3262299},
  number = {6},
  journal = {IEEE Transactions on Antennas and Propagation},
  publisher = {Institute of Electrical and Electronics Engineers (IEEE)},
  author = {He,  Yuan and Zhang,  Li and Tong,  Mei Song},
  year = {2023},
  month = jun,
  pages = {5110–5120}
}
@inproceedings{CheikAhamed2012,
  title = {Iterative Methods for Sparse Linear Systems on Graphics Processing Unit},
  url = {http://dx.doi.org/10.1109/HPCC.2012.118},
  DOI = {10.1109/hpcc.2012.118},
  booktitle = {2012 IEEE 14th International Conference on High Performance Computing and Communication ; 2012 IEEE 9th International Conference on Embedded Software and Systems},
  publisher = {IEEE},
  author = {Cheik Ahamed,  Abal-Kassim and Magoules,  Frederic},
  year = {2012},
  month = jun 
}
@article{Edigbue2023,
  title = {Testing Different Stochastic Methods to Model Direct Current Resistivity and Seismic Refraction Geophysical Data Using a Combined Local and Global Optimization Algorithm},
  volume = {48},
  ISSN = {2191-4281},
  url = {http://dx.doi.org/10.1007/s13369-023-07690-3},
  DOI = {10.1007/s13369-023-07690-3},
  number = {6},
  journal = {Arabian Journal for Science and Engineering},
  publisher = {Springer Science and Business Media LLC},
  author = {Edigbue,  Paul and Akca,  Irfan and Demirci,  Ismail and Al-Shuhail,  Abdullatif and Hamdan,  Hamdan Ali and Kirmizakis,  Panagiotis and Candansayar,  Emin and Hanafy,  Sherif and Soupios,  Pantelis},
  year = {2023},
  month = feb,
  pages = {7925–7938}
}
@article{Yang2023,
  title = {Controlled-source electromagnetic modeling using a high-order finite-difference time-domain method on a nonuniform grid},
  volume = {88},
  ISSN = {1942-2156},
  url = {http://dx.doi.org/10.1190/geo2022-0134.1},
  DOI = {10.1190/geo2022-0134.1},
  number = {2},
  journal = {GEOPHYSICS},
  publisher = {Society of Exploration Geophysicists},
  author = {Yang,  Pengliang and Mittet,  Rune},
  year = {2023},
  month = feb,
  pages = {E53–E67}
}
@inproceedings{Laksono2023,
  title = {Direct current simulation using 3D finite element method in the acrylic box for dipole-dipole electrode configuration},
  ISSN = {0094-243X},
  url = {http://dx.doi.org/10.1063/5.0138676},
  DOI = {10.1063/5.0138676},
  booktitle = {THE II INTERNATIONAL SCIENTIFIC CONFERENCE “INDUSTRIAL AND CIVIL CONSTRUCTION 2022”},
  publisher = {AIP Publishing},
  author = {Laksono,  Yoyok Adisetio and Zulaikah,  Siti and Suaidi,  Daeng Achmad and Muztaza,  Nordiana Mohd. and Rahman,  Moch Bagas Setya and Faris,  Imaduddin},
  year = {2023}
}
@article{Hafsa2023,
  title = {Assessment of moisture content profile in Douglas-fir wood using electrical resistivity-based tomography},
  volume = {366},
  ISSN = {0950-0618},
  url = {http://dx.doi.org/10.1016/j.conbuildmat.2022.130193},
  DOI = {10.1016/j.conbuildmat.2022.130193},
  journal = {Construction and Building Materials},
  publisher = {Elsevier BV},
  author = {Hafsa,  Wael and Nguyen,  Tuan Anh and Angellier,  Nicolas and Ulmet,  Laurent and Takarli,  Mokhfi and Pop,  Octavian and Dubois,  Frédéric},
  year = {2023},
  month = feb,
  pages = {130193}
}
@article{Guo2023,
  title = {Three-Dimensional Direct Current Resistivity Finite Element Method Forward Modelling Based on Jacobi Preconditioned Conjugate Gradient Algorithm},
  volume = {18},
  ISSN = {1555-130X},
  url = {http://dx.doi.org/10.1166/jno.2023.3389},
  DOI = {10.1166/jno.2023.3389},
  number = {2},
  journal = {Journal of Nanoelectronics and Optoelectronics},
  publisher = {American Scientific Publishers},
  author = {Guo,  Lai-gong and Wu,  Si-tong and Yang,  Ben-cai and Dai,  Guang-long},
  year = {2023},
  month = feb,
  pages = {176–183}
}
@article{Amdouni2022,
  title = {The Cauchy problem for Laplace’s equation via a modified conjugate gradient method and energy space approaches},
  volume = {46},
  ISSN = {1099-1476},
  url = {http://dx.doi.org/10.1002/mma.8710},
  DOI = {10.1002/mma.8710},
  number = {4},
  journal = {Mathematical Methods in the Applied Sciences},
  publisher = {Wiley},
  author = {Amdouni,  Saber and Ben Abda,  Amel},
  year = {2022},
  month = sep,
  pages = {3560–3582}
}
@article{Ilin2023,
  title = {Multigrid Incomplete Factorization Methods in Krylov Subspaces},
  volume = {272},
  ISSN = {1573-8795},
  url = {http://dx.doi.org/10.1007/s10958-023-06446-6},
  DOI = {10.1007/s10958-023-06446-6},
  number = {4},
  journal = {Journal of Mathematical Sciences},
  publisher = {Springer Science and Business Media LLC},
  author = {Il’in,  V. P.},
  year = {2023},
  month = may,
  pages = {523–532}
}
@article{Wu2023,
  title = {An Efficient Goal-Oriented Adaptive Finite Element Method for Accurate Simulation of Complex Electromagnetic Radiation Problems},
  ISSN = {1558-2221},
  url = {http://dx.doi.org/10.1109/TAP.2023.3283040},
  DOI = {10.1109/tap.2023.3283040},
  journal = {IEEE Transactions on Antennas and Propagation},
  publisher = {Institute of Electrical and Electronics Engineers (IEEE)},
  author = {Wu,  Haoxiang and Fu,  Kejie and Zuo,  Sheng and Lin,  Zhongchao and Zhao,  Xunwang and Zhang,  Yu},
  year = {2023},
  pages = {1–1}
}
@article{Becker2022,
  title = {Goal-oriented adaptive finite element methods with optimal computational complexity},
  volume = {153},
  ISSN = {0945-3245},
  url = {http://dx.doi.org/10.1007/s00211-022-01334-8},
  DOI = {10.1007/s00211-022-01334-8},
  number = {1},
  journal = {Numerische Mathematik},
  publisher = {Springer Science and Business Media LLC},
  author = {Becker,  Roland and Gantner,  Gregor and Innerberger,  Michael and Praetorius,  Dirk},
  year = {2022},
  month = nov,
  pages = {111–140}
}
@article{Ray2023,
  title = {A posteriori error estimation and adaptive mesh refinement for parabolic interface problems using non-conforming immersed finite element method},
  volume = {419},
  ISSN = {0377-0427},
  url = {http://dx.doi.org/10.1016/j.cam.2022.114714},
  DOI = {10.1016/j.cam.2022.114714},
  journal = {Journal of Computational and Applied Mathematics},
  publisher = {Elsevier BV},
  author = {Ray,  Tanushree and Sinha,  Rajen Kumar},
  year = {2023},
  month = feb,
  pages = {114714}
}
@article{Wen2023,
  title = {A Posteriori Error Estimate of Two Grid Mixed Finite Element Methods for Semilinear Elliptic Equations},
  volume = {11},
  ISSN = {2327-4379},
  url = {http://dx.doi.org/10.4236/jamp.2023.112020},
  DOI = {10.4236/jamp.2023.112020},
  number = {02},
  journal = {Journal of Applied Mathematics and Physics},
  publisher = {Scientific Research Publishing,  Inc.},
  author = {Wen,  Yiming and Chen,  Luoping and Dai,  Jiajia},
  year = {2023},
  pages = {361–376}
}
@inbook{Kaufman2014,
  title = {The System of Equations of the Constant Electric and Magnetic Fields},
  ISSN = {0076-6895},
  url = {http://dx.doi.org/10.1016/B978-0-444-53829-1.00001-0},
  DOI = {10.1016/b978-0-444-53829-1.00001-0},
  booktitle = {Principles of Electromagnetic Methods in Surface Geophysics},
  publisher = {Elsevier},
  author = {Kaufman,  A.A. and Alekseev,  D. and Oristaglio,  M.},
  year = {2014},
  pages = {3–50}
}
@article{Yang2023a,
  title = {Fast finite element electrostatic analysis with domain decomposition method},
  volume = {20},
  ISSN = {1349-2543},
  url = {http://dx.doi.org/10.1587/elex.20.20220540},
  DOI = {10.1587/elex.20.20220540},
  number = {5},
  journal = {IEICE Electronics Express},
  publisher = {Institute of Electronics,  Information and Communications Engineers (IEICE)},
  author = {Yang,  Siyi and Xu,  Li and Yin,  Junhui and Wang,  Hao and Li,  Bin},
  year = {2023},
  month = mar,
  pages = {20220540–20220540}
}
@article{Horndeski1976,
  title = {Conservation of charge and the Einstein–Maxwell field equations},
  volume = {17},
  ISSN = {1089-7658},
  url = {http://dx.doi.org/10.1063/1.522837},
  DOI = {10.1063/1.522837},
  number = {11},
  journal = {Journal of Mathematical Physics},
  publisher = {AIP Publishing},
  author = {Horndeski,  Gregory Walter},
  year = {1976},
  month = nov,
  pages = {1980–1987}
}
@article{Camier2023,
  title = {Accelerating high-order mesh optimization using finite element partial assembly on GPUs},
  volume = {474},
  ISSN = {0021-9991},
  url = {http://dx.doi.org/10.1016/j.jcp.2022.111808},
  DOI = {10.1016/j.jcp.2022.111808},
  journal = {Journal of Computational Physics},
  publisher = {Elsevier BV},
  author = {Camier,  Jean-Sylvain and Dobrev,  Veselin and Knupp,  Patrick and Kolev,  Tzanio and Mittal,  Ketan and Rieben,  Robert and Tomov,  Vladimir},
  year = {2023},
  month = feb,
  pages = {111808}
}
@article{Ern2006,
  title = {Evaluation of the condition number in linear systems arising in finite element approximations},
  volume = {40},
  ISSN = {1290-3841},
  url = {http://dx.doi.org/10.1051/m2an:2006006},
  DOI = {10.1051/m2an:2006006},
  number = {1},
  journal = {ESAIM: Mathematical Modelling and Numerical Analysis},
  publisher = {EDP Sciences},
  author = {Ern,  Alexandre and Guermond,  Jean-Luc},
  year = {2006},
  month = jan,
  pages = {29–48}
}